@Book{xie2015,
  title = {Dynamic Documents with {R} and knitr},
  author = {Yihui Xie},
  publisher = {Chapman and Hall/CRC},
  address = {Boca Raton, Florida},
  year = {2015},
  edition = {2nd},
  note = {ISBN 978-1498716963},
  url = {http://yihui.name/knitr/},
}

@article{adhvaryu2019,
	title = {Mapping public transport accessibility levels (PTAL) in India and its applications: A case study of Surat},
	author = {Adhvaryu, Bhargav and Chopde, Abhay and Dashora, Lalit},
	year = {2019},
	month = {06},
	date = {2019-06-01},
	journal = {Case Studies on Transport Policy},
	pages = {293--300},
	volume = {7},
	number = {2},
	doi = {10.1016/j.cstp.2019.03.004},
	url = {https://www.sciencedirect.com/science/article/pii/S2213624X17302134},
	langid = {en}
}

@book{leon,
	title = {Introduction | rstudio4edu},
	author = {Leon, {Desir√©e De} and Hill, Alison},
	url = {https://rstudio4edu.github.io/rstudio4edu-book/}
}
